@book{zhou2021ml,
    author    = {Zhi-Hua Zhou},
    title     = {Machine Learning},
    year      = {2021},
    publisher = {Springer},
}

@book{mitchell1997ml,
    author = {Tom M. Mitchell},
    title = {Machine Learning},
    year = {1997},
    publisher = {McGraw-Hill},
}

@article{bloom1970,
  author    = {Burton H. Bloom},
  title     = {Space/Time Trade-offs in Hash Coding with Allowable Errors},
  journal   = {Communications of the ACM},
  volume    = {13},
  number    = {7},
  pages     = {422--426},
  year      = {1970},
  doi       = {10.1145/362686.362692}
}

@article{maggs2015algorithmic,
  author    = {Bruce M. Maggs and Ramesh K. Sitaraman},
  title     = {Algorithmic nuggets in content delivery},
  journal   = {ACM SIGCOMM Computer Communication Review},
  volume    = {45},
  number    = {3},
  pages     = {52--66},
  year      = {2015},
  publisher = {ACM}
}

@article{patgiri2021deepbf,
  title     = {DeepBF: Malicious URL detection using Learned Bloom Filter and Evolutionary Deep Learning},
  author    = {Ripon Patgiri and Anupam Biswas and Sabuzima Nayak},
  journal   = {arXiv preprint arXiv:2103.12544},
  year      = {2021},
  url       = {https://arxiv.org/abs/2103.12544}
}

@article{broder2004network,
  title     = {Network Applications of Bloom Filters: A Survey},
  author    = {Andrei Z. Broder and Michael Mitzenmacher},
  journal   = {Internet Mathematics},
  volume    = {1},
  number    = {4},
  pages     = {485--509},
  year      = {2004},
  doi       = {10.1080/15427951.2004.10129096},
}

@article{sokolova2009performance,
  author    = {Marina Sokolova and Guy Lapalme},
  title     = {A systematic analysis of performance measures for classification tasks},
  journal   = {Information Processing \& Management},
  volume    = {45},
  number    = {4},
  pages     = {427--437},
  year      = {2009},
  publisher = {Elsevier}
}

@article{stone1974cross,
  author = {Stone, M.},
  title = {Cross-Validatory Choice and Assessment of Statistical Predictions},
  journal = {Journal of the Royal Statistical Society: Series B (Methodological)},
  volume = {36},
  number = {2},
  pages = {111--147},
  year = {1974},
  publisher = {Wiley}
}

@incollection{feurer2019hpo,
  author    = {Matthias Feurer and Frank Hutter},
  title     = {Hyperparameter Optimization},
  booktitle = {AutoML: Methods, Systems, Challenges},
  editor    = {Hutter, Frank and Kotthoff, Lars and Vanschoren, Joaquin},
  pages     = {3--33},
  publisher = {Springer},
  year      = {2019},
  doi       = {10.1007/978-3-030-05318-5_1},
}

@article{bengio2021optim,
title = {Machine learning for combinatorial optimization: A methodological tour d’horizon},
journal = {European Journal of Operational Research},
volume = {290},
number = {2},
pages = {405-421},
year = {2021},
issn = {0377-2217},
doi = {https://doi.org/10.1016/j.ejor.2020.07.063},
author = {Yoshua Bengio and Andrea Lodi and Antoine Prouvost}
}

@article{bergstra2012random,
  title={Random search for hyper-parameter optimization},
  author={Bergstra, James and Bengio, Yoshua},
  journal={Journal of Machine Learning Research},
  volume={13},
  number={2},
  pages={281--305},
  year={2012}
}

@article{cortes1995svm,
  author  = {Corinna Cortes and Vladimir Vapnik},
  title   = {Support-vector networks},
  journal = {Machine Learning},
  volume  = {20},
  number  = {3},
  pages   = {273--297},
  year    = {1995},
  publisher = {Springer}
}

@article{mcculloch1943,
  author    = {Warren S. McCulloch and Walter Pitts},
  title     = {A logical calculus of the ideas immanent in nervous activity},
  journal   = {The Bulletin of Mathematical Biophysics},
  volume    = {5},
  number    = {4},
  pages     = {115--133},
  year      = {1943},
  doi       = {10.1007/BF02478259}
}

@article{hinton1986backpropagation,
  author    = {Geoffrey E. Hinton and David E. Rumelhart and Ronald J. Williams},
  title     = {Learning representations by back-propagating errors},
  journal   = {Nature},
  volume    = {323},
  number    = {6088},
  pages     = {533--536},
  year      = {1986},
  doi       = {10.1038/323533a0}
}

@book{breiman1986dt,
  author    = {Leo Breiman and Jerome Friedman and Richard A. Olshen and Charles J. Stone},
  title     = {Classification and Regression Trees},
  publisher = {Wadsworth \& Brooks/Cole},
  year      = {1986}
}

@inbook{ferragina2020learned,
author = {Ferragina, Paolo and Vinciguerra, Giorgio},
year = {2020},
month = {04},
pages = {5-41},
title = {Learned Data Structures},
isbn = {978-3-030-43883-8},
doi = {10.1007/978-3-030-43883-8_2}
}

@inproceedings{malchiodi:2023eann,
	author = {Malchiodi, Dario and Raimondi, Davide and Fumagalli, Giacomo and Giancarlo, Raffaele and Frasca, Marco},
	booktitle = {Proceedings of the 24th Engineering Application of Neural Networks Conference (EANN)},
	doi = {10.1007/978-3-031-34204-2_5},
	editor = {Iliadis, Lazaros and Maglogiannis, Ilias and Castro, Serafin and Jayne, Christina and Pimenidis, Elias},
	publisher = {Springer Nature},
	title = {A Critical Analysis of Classifier Selection in Learned Bloom Filters: the Essentials},
	year = 2023
}

@article{morik:1999:svm,
author = {Morik, Katharina and Brockhausen, Peter and Joachims, Thorsten},
year = {1999},
month = {06},
pages = {},
title = {Combining Statistical Learning with a Knowledge-Based Approach - A Case Study in Intensive Care Monitoring},
journal = {Proceedings of the Sixteenth International Conference on Machine Learning}
}

@inproceedings{kraska2018learned,
author = {Kraska, Tim and Beutel, Alex and Chi, Ed H. and Dean, Jeffrey and Polyzotis, Neoklis},
title = {The Case for Learned Index Structures},
year = {2018},
isbn = {9781450347037},
publisher = {Association for Computing Machinery},
address = {New York, NY, USA},
url = {https://doi.org/10.1145/3183713.3196909},
doi = {10.1145/3183713.3196909},
booktitle = {Proceedings of the 2018 International Conference on Management of Data},
pages = {489–504},
numpages = {16},
keywords = {neural net, mixture of experts, linear regression, learned index structure, learned index, learned data structures, index structures, hash-map, cdf, bloom-filter, b-tree},
location = {Houston, TX, USA},
series = {SIGMOD '18}
}

@ARTICLE{ting2002dt,
  author={Kai Ming Ting},
  journal={IEEE Transactions on Knowledge and Data Engineering}, 
  title={An instance-weighting method to induce cost-sensitive trees}, 
  year={2002},
  volume={14},
  number={3},
  pages={659-665},
  keywords={Costs;Training data},
  doi={10.1109/TKDE.2002.1000348}}
